
@misc{j._gutierrez._que_????,
	title = {¿Qué es un framework web?},
	author = {J. Gutiérrez., Javier}
}

@book{fernandez_martinez_redes_2009,
	edition = {1},
	title = {{REDES} {INALÁMBRICAS} {DE} {SENSORES}: {TEORÍA} Y {APLICACIÓN} {PRÁCTICA}},
	publisher = {Integrantes del Grupo de Investigación {EDMANS}},
	author = {Fernández Martínez, Roberto and Ordieres Meré, Joaquín and Martínez de Pisón Ascacíbar, Francisco Javier and González Marcos, Ana and Alba Elías, Fernando and Lostado Lorza, Ruben and Pernía Espinoza, Alpha Verónica and Integrantes del Grupo de Investigación {EDMANS}},
	date = {2009}
}

@book{gilfillan_biblia_2003,
	location = {Madrid},
	title = {La biblia de {MySQL}},
	isbn = {8441515581 9788441515581},
	publisher = {Anaya Multimedia},
	author = {Gilfillan, Ian},
	date = {2003}
}

@misc{collell_puig_css3_????,
	title = {{CSS}3 y Javascript avanzado},
	author = {Collell Puig, Jordi}
}

@thesis{guerrero_meseguer_diseno_2010,
	title = {Diseño de una instalación domótica con tecnología Lonworks},
	institution = {Universidad Politécnica de Cartagena},
	type = {phdthesis},
	author = {Guerrero Meseguer, José Antonio},
	date = {2010-02}
}

@book{berni_millet_laboratorio_2010,
	location = {Barcelona},
	title = {Laboratorio de {PHP} y {MySQL}},
	isbn = {9788469294277 846929427X},
	publisher = {{UOC} Universitat Oberta de Catalunya},
	author = {Berni Millet, Piero and Gil de la Iglesia, Dídac and {Universitat Oberta de Catalunya}},
	date = {2010}
}

@thesis{el_kouche_wireless_2013,
	location = {Kingston, Ontario, Canada},
	title = {{WIRELESS} {SENSOR} {NETWORK} {PLATFORM} {FOR} {HARSH} {INDUSTRIAL} {ENVIRONMENTS}},
	institution = {Queen’s University},
	type = {phdthesis},
	author = {El Kouche, Ahmad},
	date = {2013-09}
}

@online{_entendiendo_????,
	title = {Entendiendo {HTML}5},
	url = {http://hipertextual.com/archivo/2013/05/entendiendo-html5-guia-para-principiantes/},
	titleaddon = {hipertextual}
}

@book{garro_javascript_????,
	title = {Javascript},
	url = {www.arkaitzgarro.com},
	author = {Garro, Arkaitz}
}

@online{_laravel_????,
	title = {Laravel 4. Resumen},
	url = {http://www.bcnbit.com/laravel-4-resumen-para-principiantes-parte-i/}
}

@thesis{moya_sanchez_control_2012,
	title = {{CONTROL} {DOMÓTICO} {DE} {LAS} {PLAZAS} {DE} {UN} {APARCAMIENTO} {PÚBLICO}},
	institution = {{UNIVERSIDAD} {CARLOS} {III} {DE} {MADRID}},
	type = {phdthesis},
	author = {{MOYA} {SÁNCHEZ}, {ALEJANDRO}},
	date = {2012-09}
}

@book{kabir_biblia_2003,
	location = {Madrid},
	title = {La Biblia de servidor Apache 2},
	isbn = {8441514682 9788441514683},
	publisher = {Anaya Multimedia},
	author = {Kabir, Mohammed J},
	date = {2003}
}

@thesis{perez_gonzalez_instalacion_????,
	title = {Instalación domótica de vivienda unifamiliar},
	institution = {Universidad de Sevilla},
	type = {phdthesis},
	author = {Pérez González, Blanca}
}

@online{_choosing_????,
	title = {Choosing a Linux web server: Nginx vs. Apache},
	url = {http://www.itworld.com/article/2695421/consumerization/choosing-a-linux-web-server--nginx-vs--apache.html}
}

@online{_como_????,
	title = {Cómo y por qué usar {HTML}5 en las páginas web},
	url = {http://norfipc.com/web/como-usar-html5-codigo-paginas-web-ventajas.html},
	titleaddon = {{norfiPC}}
}

@thesis{lozada_diaz_diseno_2008,
	title = {{DISEÑO} Y {DESARROLLO} {DE} {UN} {TRANSMISOR} Y {RECEPTOR} {DE} {UN} {SISTEMA} {DOMOTICO} {UTILIZANDO} {TECNOLOGÍA} {DE} {CORRIENTES} {PORTADORAS} Y {EL} {PROTOCOLO} X-10},
	institution = {{PONTIFICIA} {UNIVERSIDAD} {CATÓLICA} {DEL} {PERÚ}},
	type = {phdthesis},
	author = {Lozada Díaz, Diego Armando},
	date = {2008}
}

@misc{pena_alcaraz_comunicaciones_2012,
	title = {Comunicaciones en el entorno doméstico(Domótica)-Comparación {KNX}-Lonworks},
	author = {Peña Alcaraz, Manuel},
	date = {2012}
}

@book{lajara_sistemas_2013,
	location = {Barcelona},
	title = {Sistemas integrados con Arduino},
	isbn = {9788426720931 8426720935},
	publisher = {Marcombo},
	author = {Lajara, José Rafael and Pelegrí Sebastiá, José},
	date = {2013}
}

@article{franco_beltran_wireless_2007,
	title = {Wireless sensor networks},
	volume = {165},
	journaltitle = {bit},
	author = {Franco Beltrán, Carlos},
	date = {2007-10}
}